@misc{JSAnnounce,
  author = "Netscape Communications",
  title = "Netscape and Sun Announce JavaScript, the Open, Cross-Platform Object Scripting Language for Enterprise Networks and the Internet",
  howpublished = "\url{https://web.archive.org/web/20070916144913/http://wp.netscape.com/newsref/pr/newsrelease67.html}",
}

@misc{es2016,
  author = "ECMA International",
  title = "ECMAScriptÂ® 2016 Language Specification",
  howpublished = "\url{https://www.ecma-international.org/ecma-262/7.0/index.html}",
}

@misc{v8,
  author = "Google",
  title = "Chrome V8",
  howpublished = "\url{https://developers.google.com/v8/}",
}

@misc{chakra,
  author = "Microsoft",
  title = "ChakraCore",
  howpublished = "\url{https://github.com/Microsoft/ChakraCore}",
}

@misc{spidermonkey,
  author = "Mozilla",
  title = "SpiderMonkey",
  howpublished = "\url{https://developer.mozilla.org/en-US/docs/Mozilla/Projects/SpiderMonkey}",
}

@misc{javascriptcore,
  author = "Apple",
  title = "JavaScriptCore",
  howpublished = "\url{https://developer.apple.com/reference/javascriptcore}",
}

@misc{tc39,
  title = "TC39",
  howpublished = "\url{http://ecma-international.org/memento/TC39.htm}",
}

@book{speakingjs,
  author = "Dr. Axel Rauschmayer",
  title = "Speaking Javascript",
  year = "2014",
}

@misc{tc39proc,
  author = "TC39",
  title = "The TC39 Process",
  howpublished = "\url{https://tc39.github.io/process-document/}",
}

@misc{babelborn,
  author = "James Kyle",
  title = "Not Born to Die",
  howpublished = "\url{https://babeljs.io/blog/2015/02/15/not-born-to-die}",
}

@misc{traceur,
  title = "Traceur",
  howpublished = "\url{https://github.com/google/traceur-compiler}",
}

@misc{babel,
  title = "Babel is a JavaScript compiler.",
  howpublished = "\url{https://babeljs.io/}",
}

@book{exploringes6,
  author = "Dr. Axel Rauschmayer",
  title = "Exploring ES6",
}

@manual{rfc7230,
  title = "RFC7230: Hypertext Transfer Protocol (HTTP/1.1): Message Syntax and Routing",
  author = "R. Fielding, J. Reschke",
}

@book{jsdesignpatterns,
  author = "Addy Osmani",
  year = "2015",
  title = "JavaScript Design Patterns",
  howpublished = "\url{https://addyosmani.com/resources/essentialjsdesignpatterns/book/}",
}

@misc{browserify,
  author = "James Halliday",
  title = "Browserify",
  howpublished = "\url{http://browserify.org/}",
}

@misc{babelify,
  title = "babelify",
  howpublished = "\url{https://github.com/babel/babelify}",
}

@misc{watchify,
  title = "watchify",
  howpublished = "\url{https://github.com/substack/watchify}",
}

@misc{sourcemap,
  author = "Matt West",
  title = "An Introduction to Source Maps",
  howpublished = "\url{http://blog.teamtreehouse.com/introduction-source-maps}",
}

@misc{tern,
  title = "Tern: Intelligent JavaScript tooling",
  howpublished = "\url{https://ternjs.net/}",
}

@misc{typescript,
  title = "TypeScript",
  howpublished = "\url{https://www.typescriptlang.org/}",
}

@book{tsdeep,
  title = "TypeScript Deep Dive",
  author = "Basarat Ali Syed",
  year = "2016",
}

@misc{flowtype,
  title = "Flow",
  author = "Facebook",
  howpublished = "\url{https://flowtype.org/}",
}

@misc{node,
  title = "Node.JS",
  howpublished = "\url{https://nodejs.org/en/}",
}

@misc{nodechakra,
  title = "Node.JS on ChakraCore",
  howpublished = "\url{https://github.com/nodejs/node-chakracore}",
}

@misc{spidernode,
  title = "SpiderNode",
  author = "Mozilla",
  howpublished = "\url{https://github.com/mozilla/spidernode}",
}

@misc{libuv,
  title = "libuv",
  howpublished = "\url{http://libuv.org/}",
}

@misc{nodecluster,
  title = "Cluster",
  howpublished = "\url{https://nodejs.org/dist/latest-v7.x/docs/api/cluster.html}",
}

@misc{nodecpp,
  title = "Addons",
  howpublished = "\url{https://nodejs.org/dist/latest-v7.x/docs/api/addons.html}",
}

@misc{nodeproc,
  title = "Child Process",
  howpublished = "\url{https://nodejs.org/dist/latest-v7.x/docs/api/child_process.html}",
}

@misc{callbackhell,
  title = "Callback hell",
  author = "Max Odgen",
  howpublished = "\url{http://callbackhell.com/}",
}

@misc{promisesa,
  title = "Promises/A+",
  howpublished = "\url{https://promisesaplus.com/}",
}

@misc{co,
  title = "co",
  author = "TJ Holowaychuk",
  howpublished = "\url{https://github.com/tj/co}",
}

@misc{commonjs,
  title = "CommonJS Modules",
  howpublished = "\url{http://wiki.commonjs.org/wiki/Modules/1.1.1}",
}

@misc{semver,
  title = "Semantic Versioning 2.0.0",
  author = "Tom Preston-Werner",
  howpublished = "\url{http://semver.org/}",
}

@misc{dom,
  title = "Document Object Model",
  howpublished = "\url{https://developer.mozilla.org/en-US/docs/Web/API/Document_Object_Model}",
}

@misc{layoutthrashing,
  title = "Avoid Large, Complex Layouts and Layout Thrashing",
  howpublished = "\url{https://developers.google.com/web/fundamentals/performance/rendering/avoid-large-complex-layouts-and-layout-thrashing}",
}

@misc{fastdom,
  title = "FastDOM",
  author = "Wilson Page",
  howpublished = "\url{https://github.com/wilsonpage/fastdom}",
}

@misc{react,
  title = "React",
  author = "Facebook",
  howpublished = "\url{https://facebook.github.io/react/}",
}

@misc{vdom,
  title = "What Is Virtual DOM",
  author = "Tony Freed",
  howpublished = "\url{https://medium.com/cardlife-app/what-is-virtual-dom-c0ec6d6a925c}",
}

@misc{reactheur,
  title = "React: Reconciliation",
  howpublished = "\url{https://facebook.github.io/react/docs/reconciliation.html}",
}

@misc{flux,
  title = "Flux Architecture",
  author = "Facebook",
  howpublished = "\url{https://facebook.github.io/flux/docs/overview.html}",
}

@misc{redux,
  title = "Redux",
  author = "Dan Abramov",
  howpublished = "\url{http://redux.js.org/}",
}

@misc{elmarch,
  title = "The Elm Architecture",
  howpublished = "\url{https://guide.elm-lang.org/architecture/}",
}

@misc{express,
  title = "Express",
  howpublished = "\url{http://expressjs.com/}",
}

@misc{koa,
  title = "koa",
  howpublished = "\url{http://koajs.com/}",
}

@misc{hapi,
  title = "Hapi",
  howpublished = "\url{https://hapijs.com/}",
}

@misc{restify,
  title = "Restify",
  howpublished = "\url{http://restify.com/}",
}

@misc{sinatra,
  title = "Sinatra",
  howpublished = "\url{http://www.sinatrarb.com/}",
}

@misc{css,
  title = "CSS",
  howpublished = "\url{https://developer.mozilla.org/en-US/docs/Web/CSS}",
}

@misc{cssspec,
  title = "CSS Specificity",
  howpublished = "\url{https://developer.mozilla.org/en/docs/Web/CSS/Specificity}",
}

@misc{less,
  title = "LESSCSS",
  howpublished = "\url{http://lesscss.org/}",
}

@misc{sass,
  title = "SASS",
  howpublished = "\url{http://lesscss.org/}",
}

@misc{stylus,
  title = "Stylus",
  howpublished = "\url{http://stylus-lang.com/}",
}

@misc{canvas,
  title = "HTML5 Canvas",
  howpublished = "\url{https://developer.mozilla.org/en-US/docs/Web/API/Canvas_API}",
}

@misc{GLSL,
  title = "OpenGL Shading Language",
  howpublished = "\url{https://www.opengl.org/wiki/OpenGL_Shading_Language}",
}

@misc{webgl,
  title = "WebGL API",
  howpublished = "\url{https://developer.mozilla.org/en-US/docs/Web/API/WebGL_API}",
}

@misc{hlsl,
  title = "HLSL",
  howpublished = "\url{https://msdn.microsoft.com/en-us/library/windows/desktop/bb509561(v=vs.85).aspx}",
}

@misc{tap,
  title = "Test Anything Protocol",
  howpublished = "\url{https://testanything.org/}",
}

@misc{mocha,
  title = "Mocha",
  howpublished = "\url{https://mochajs.org/}",
}

@misc{should,
  title = "Should.js",
  howpublished = "\url{https://shouldjs.github.io/}"
}

@misc{webworker,
  title = "WebWorker API",
  howpublished = "\url{https://developer.mozilla.org/en-US/docs/Web/API/Web_Workers_API/Using_web_workers}",
}

@misc{mongo,
  title = "MongoDB",
  howpublished = "\url{https://www.mongodb.com}",
}

@misc{postgres,
  title = "PostgreSQL",
  howpublished = "\url{https://www.postgresql.org/}"
}

@article{moore,
  title = "Fundamental Limits to Moore's Law",
  year = 2015,
  author = "Suhas Kumar",
}

@misc{history,
  title = "History API",
  howpublished = "\url{https://developer.mozilla.org/en-US/docs/Web/API/History_API}",
}

@misc{git,
  title = "Git",
  howpublished = "\url{https://git-scm.com/}",
}

@misc{github,
  title = "GitHub",
  howpublished = "\url{https://github.com}",
}

@misc{travis,
  title = "Travis CI",
  howpublished = "\url{https://travis-ci.org/}",
}

@misc{circle,
  title = "Circle CI",
  howpublished = "\url{https://circleci.com/}",
}

@misc{bash,
  title = "Bash Reference Manual",
  howpublished = "\url{https://www.gnu.org/software/bash/manual/html_node/Exit-Status.html}",
}

@misc{nginx,
  title = "nginx",
  howpublished = "\url{https://nginx.org/en/}",
}

@misc{letsencrypt,
  title = "Let's encrtypt",
  howpublished = "\url{https://letsencrypt.org/}",
}

@misc{ansible,
  title = "Ansible",
  howpublished = "\url{https://www.ansible.com/}",
}

@misc{docker,
  title = "Docker",
  howpublished = "\url{https://www.docker.com/}",
}

@misc{inferno,
  title = "Inferno",
  howpublished = "\url{https://github.com/trueadm/inferno}",
}

@misc{bench,
  title = "Web Frameworks Benchmark, Round 4",
  howpublished = "\url{http://stefankrause.net/js-frameworks-benchmark4/webdriver-ts/table.html}",
}

@misc{reactrewrite,
  title = "Inferno 1.0 is really well written",
  howpublished = "\url{https://twitter.com/sebmarkbage/status/776148675592544256}",
}
